



@article{ KVK21,
  author =           {Krcadinac, V. and Vlahovic Kruc, R.},
  title =            {Quasi-symmetric designs on 56 points},
  journal =          {Adv. Math. Commun.},
  volume =           {15},
  number =           {4},
  year =             {2021},
  pages =            {633{\textendash}646},
  printedkey =       {KK21}
}
@article{ KV16,
  author =           {Krcadinac, V. and Vlahovic, R.},
  title =            {{New quasi-symmetric designs by the Kramer-Mesner method}},
  journal =          {Discrete Math.},
  volume =           {339},
  number =           {12},
  year =             {2016},
  pages =            {2884{\textendash}2890},
  printedkey =       {KV16}
}
@article{ VK18,
  author =           {Krcadinac, V.},
  title =            {Some new designs with prescribed automorphism groups},
  journal =          {J. Combin. Des.},
  volume =           {26},
  number =           {4},
  year =             {2018},
  pages =            {193{\textendash}200},
  printedkey =       {Krc18}
}
@article{ KNP11,
  author =           {Krcadinac, V. and Nakic, A. and Pavcevic, M. O.},
  title =            {{The Kramer-Mesner method with tactical decompositions: some new unitals on 65 points}},
  journal =          {J. Combin. Des.},
  volume =           {19},
  number =           {4},
  year =             {2011},
  pages =            {290{\textendash}303},
  printedkey =       {KNP11}
}
@article{ AN21,
  author =           {Nakic, A.},
  title =            {The first example of a simple 2-(81,6,2) design},
  journal =          {Examples and Counterexamples},
  volume =           {1},
  year =             {2021},
  pages =            {100005},
  printedkey =       {Nak21}
}
@article{ BM79,
  author =           {McKay, B.},
  title =            {{Hadamard equivalence via graph isomorphism}},
  journal =          {Discrete Math.},
  volume =           {27},
  year =             {1979},
  pages =            {213{\textendash}214},
  printedkey =       {McK79}
}
@article{ MP14,
  author =           {McKay, B. and Piperno, A.},
  title =            {{Practical graph isomorphism, II}},
  journal =          {J. Symbolic Comput.},
  volume =           {60},
  year =             {2014},
  pages =            {94{\textendash}112},
  printedkey =       {MP14}
}
@article{ BS93,
  author =           {Schmalz, B.},
  title =            {The $t$-designs with prescribed automorphism group, new simple 6-designs},
  journal =          {J. Combin. Des.},
  volume =           {1},
  number =           {2},
  year =             {1993},
  pages =            {125{\textendash}170},
  printedkey =       {Sch93}
}
@article{ AW98,
  author =           {Wassermann, A.},
  title =            {Finding simple $t$-designs with enumeration techniques},
  journal =          {J. Combin. Des.},
  volume =           {6},
  number =           {2},
  year =             {1998},
  pages =            {79{\textendash}90},
  printedkey =       {Was98}
}
@article{ KPT23,
  author =           {Krcadinac, V. and Pavcevic, M. O. and Tabak, K.},
  title =            {Cubes of symmetric designs},
  journal =          {Preprint},
  year =             {2023},
  note =             {\href {http://arxiv.org/abs/2304.05446} {\texttt{http://arxiv.org/}\discretionary {}{}{}\texttt{abs/}\discretionary {}{}{}\texttt{2304.05446}}},
  printedkey =       {KPT23}
}
@article{ KPT23b,
  author =           {Krcadinac, V. and Pavcevic, M. O. and Tabak, K.},
  title =            {{Three-dimensional Hadamard matrices of Paley type}},
  journal =          {Finite Fields Appl.},
  volume =           {92},
  year =             {2023},
  pages =            {102306},
  printedkey =       {KPT23}
}
@article{ SVW12,
  author =           {Stones, D. S. and Vojtechovsky, P. and Wanless, I. M.},
  title =            {{Cycle structure of autotopisms of quasigroups and Latin squares}},
  journal =          {J. Combin. Des.},
  volume =           {20},
  number =           {5},
  year =             {2012},
  pages =            {227{\textendash}263},
  printedkey =       {SVW12}
}
@article{ RF12,
  author =           {Falcon, R. M.},
  title =            {Cycle structures of autotopisms of the Latin squares of order up to 11},
  journal =          {Ars Combin.},
  volume =           {103},
  year =             {2012},
  pages =            {239{\textendash}256},
  printedkey =       {Fal12}
}
@book{ KD15,
  author =           {Keedwell, A. D. and Denes, J.},
  title =            {Latin squares and their applications. Second edition},
  publisher =        {Elsevier/North-Holland},
  year =             {2015},
  location =         {Amsterdam},
  printedkey =       {KD15}
}
@book{ CD07,
  editor =           {Colbourn, C. J. and Dinitz, J. H.},
  title =            {Handbook of combinatorial designs. Second edition},
  publisher =        {Chapman \& Hall/CRC},
  year =             {2007},
  location =         {Boca Raton, FL},
  printedkey =       {CD07}
}
@article{ KM76,
  author =           {Kramer, E. S. and Mesner, D. M.},
  title =            {t-designs on hypergraphs},
  journal =          {Discrete Math.},
  volume =           {15},
  number =           {3},
  year =             {1976},
  pages =            {263{\textendash}296},
  printedkey =       {KM76}
}
@article{ WK75,
  author =           {Kantor, W. M.},
  title =            {Symplectic groups, symmetric designs, and line ovals},
  journal =          {J. Algebra},
  volume =           {33},
  year =             {1975},
  pages =            {43{\textendash}58},
  printedkey =       {Kan75}
}
@article{ YXY86,
  author =           {Yang, Y. X.},
  title =            {{Proofs of some conjectures about higher-dimensional Hadamard matrices (Chinese)}},
  journal =          {Kexue Tongbao},
  volume =           {31},
  number =           {2},
  year =             {1986},
  pages =            {85{\textendash}88},
  printedkey =       {Yan86}
}
@article{ PC75,
  author =           {Cameron, P. J.},
  title =            {{Two remarks on Steiner systems}},
  journal =          {Geometriae Dedicata},
  volume =           {4},
  year =             {1975},
  pages =            {403{\textendash}418},
  printedkey =       {Cam75}
}
@book{ YNX10,
  author =           {Yang, Y. X. and Niu, X. X. and Xu, C. Q.},
  title =            {Theory and applications of higher-dimensional Hadamard matrices. Second edition},
  publisher =        {CRC Press},
  year =             {2010},
  location =         {Boca Raton, FL},
  printedkey =       {YNX10}
}
@article{ GGP18,
  author =           {Gnilke, O. W. and Greferath, M. and Pavcevic, M. O.},
  title =            {Mosaics of combinatorial designs},
  journal =          {Des. Codes Cryptogr.},
  volume =           {86},
  number =           {1},
  year =             {2018},
  pages =            {85{\textendash}95},
  printedkey =       {GGP18}
}
@article{ VK24,
  author =           {Krcadinac, V.},
  title =            {Small examples of mosaics of combinatorial designs},
  journal =          {Preprint},
  year =             {2024},
  note =             {\href {https://arxiv.org/abs/2405.12672} {\texttt{https://arxiv.org/}\discretionary {}{}{}\texttt{abs/}\discretionary {}{}{}\texttt{2405.12672}}},
  printedkey =       {Krc24}
}
@article{ CKZ15,
  author =           {Custic, A. and Krcadinac, V. and Zhou, Y.},
  title =            {Tiling groups with difference sets},
  journal =          {Electron. J. Combin.},
  volume =           {22},
  number =           {2},
  year =             {2015},
  pages =            {P2.56},
  printedkey =       {CKZ15}
}
